@article{turing1950computing,
  added-at = {2012-06-19T15:53:23.000+0200},
  author = {Turing, A. M.},
  biburl = {https://www.bibsonomy.org/bibtex/2c6b8db241dec2cec3477ce771abebb8f/jaeschke},
  copyright = {Copyright © 1950 Oxford University Press},
  interhash = {3f7a151a4f79fe75b4bb148b41279a9b},
  intrahash = {c6b8db241dec2cec3477ce771abebb8f},
  issn = {00264423},
  journal = {Mind},
  jstor_articletype = {research-article},
  jstor_formatteddate = {Oct., 1950},
  keywords = {},
  language = {English},
  number = 236,
  pages = {433--460},
  publisher = {Oxford University Press on behalf of the Mind Association},
  series = {New Series},
  timestamp = {2012-06-19T15:53:23.000+0200},
  title = {Computing Machinery and Intelligence},
  url = {http://www.jstor.org/stable/2251299},
  volume = 59,
  year = 1950
}

@article{Brewis2017,
  author    = {J. Brewis and V. Beck and A. Davies and J. Matheson},
  title     = {The effects of menopause transition on women’s economic participation in the UK},
  journal   = {gov.uk},
  month     = {July},
  year      = {2017}
}

@article{Brody2020,
  author    = {D. J. Brody and Q. Gu},
  title     = {Antidepressant use among adults: United States, 2015-2018},
  journal   = {NCHS Data Brief},
  volume    = {377},
  pages     = {1--8},
  year      = {2020}
}

@article{Cahn2023,
  author    = {N. R. Cahn and B. J. Crawford and E. G. Waldman},
  title     = {Managing and monitoring the menopausal body},
  journal   = {University of Chicago Legal Forum},
  volume    = {2022},
  number    = {3},
  year      = {2023}
}

@misc{Centre2024,
  author    = {M. M. Centre},
  year      = {2024},
  month     = {November}
}

@misc{Danzebrink2021,
  author    = {D. Danzebrink},
  title     = {Menopause support survey reveals shocking disparity in menopause training in medical schools},
  journal   = {menopausesupport.co.uk},
  month     = {May},
  year      = {2021}
}

@article{Eyre2024,
  author    = {H. Eyre and P. R. Alba and C. J. Gibson and E. Gatsby and K. E. Lynch and O. V. Patterson and S. L. DuVall},
  title     = {Bridging information gaps in menopause status classification through natural language processing},
  journal   = {JAMIA Open},
  volume    = {7},
  number    = {1},
  pages     = {ooae013},
  month     = {February},
  year      = {2024}
}

@misc{Health2019,
  author    = {N. Health},
  title     = {Menopause survey results published!},
  journal   = {Newson Health},
  month     = {March},
  year      = {2019}
}

@article{Johnston2006,
  author    = {J. M. Johnston and A. Colvin and B. D. Johnson and N. Santoro and S. D. Harlow and C. N. Merz and K. Sutton-Tyrrell},
  title     = {Comparison of SWAN and WISE menopausal status classification algorithms},
  journal   = {Journal of Women’s Health},
  volume    = {15},
  number    = {10},
  pages     = {1184--1194},
  month     = {December},
  year      = {2006}
}

@article{Levine2020,
  author    = {D. M. Levine and Z. Co and L. P. Newmark and A. R. Groisser and A. J. Holmgren and J. S. Haas and D. W. Bates},
  title     = {Design and testing of a mobile health application rating tool},
  journal   = {Nature News},
  volume    = {3},
  number    = {74},
  month     = {May},
  year      = {2020}
}

@book{McCall2022,
  author    = {D. McCall and N. Potter},
  title     = {Menopausing},
  publisher = {HQ, an imprint of HarperCollinsPublishers},
  year      = {2022}
}

@book{Muir2022,
  author    = {K. Muir},
  title     = {Everything You Need to Know About the Menopause (but were too afraid to ask)},
  publisher = {Gallery UK},
  year      = {2022}
}

@misc{NHS2024,
  author    = {NHS},
  title     = {Menopause},
  year      = {2024}
}

@misc{So2024,
  author    = {A. So},
  title     = {Oura’s new perimenopause report shows the gap in women’s health research},
  journal   = {Wired},
  month     = {November},
  year      = {2024}
}

@article{Stoyanov2016,
  author    = {S. R. Stoyanov and L. Hides and D. J. Kavanagh and H. Wilson},
  title     = {Development and validation of the user version of the Mobile Application Rating Scale (uMARS)},
  journal   = {JMIR Mhealth Uhealth},
  volume    = {4},
  number    = {2},
  pages     = {e72},
  month     = {June},
  year      = {2016}
}

@article{Stoyanov2015,
  author    = {S. R. Stoyanov and L. Hides and D. J. Kavanagh and O. Zelenko and D. Tjondronegoro and M. Mani},
  title     = {Mobile App Rating Scale: A new tool for assessing the quality of health mobile apps},
  journal   = {JMIR MHealth UHealth},
  volume    = {3},
  number    = {1},
  pages     = {e27},
  month     = {March},
  year      = {2015}
}

@article{Willi2021,
  author    = {J. Willi and H. Süss and J. Grub and U. Ehlert},
  title     = {Biopsychosocial predictors of depressive symptoms in the perimenopause—Findings from the Swiss Perimenopause Study},
  journal   = {Menopause},
  volume    = {28},
  number    = {3},
  pages     = {247--254},
  month     = {January},
  year      = {2021}
}

@misc{Wolff2018,
  author    = {J. Wolff},
  title     = {What doctors don’t know about menopause},
  journal   = {AARP},
  month     = {July},
  year      = {2018}
}

@article{Brambilla1994,
  author    = {D. J. Brambilla and S. M. McKinlay and C. B. Johannes},
  title     = {Defining the perimenopause for application in epidemiologic investigation},
  journal   = {American Journal of Epidemiology},
  volume    = {140},
  pages     = {1091--1095},
  year      = {1994},
  doi       = {10.1093/oxfordjournals.aje.a117209}
}

@misc{LSCFT2024,
  author    = {{Lancashire and South Cumbria NHS Foundation Trust}},
  title     = {Perimenopause, Menopause, and Pain},
  url = {\url{https://www.lscft.nhs.uk/services/service-finder-z/community-pain-service/perimenopause-menopause-and-pain}},
}

@article{BACAGARCIA2010209,
  title = {Suicide attempts among women during low estradiol/low progesterone states},
  journal = {Journal of Psychiatric Research},
  volume = {44},
  number = {4},
  pages = {209-214},
  year = {2010},
  issn = {0022-3956},
  doi = {https://doi.org/10.1016/j.jpsychires.2009.08.004},
  url = {https://www.sciencedirect.com/science/article/pii/S0022395609001794},
  author = {Enrique Baca-Garcia and Carmen Diaz-Sastre and Antonio Ceverino and M. Mercedes Perez-Rodriguez and Rocio Navarro-Jimenez and Jorge Lopez-Castroman and Jeronimo Saiz-Ruiz and Jose de Leon and Maria A. Oquendo},
  keywords = {Attempted suicide, Menstrual cycle, Gonadal steroid hormones, Estrogen, Progesterone, Menstruation},
}

@article{Bansal2019,
  author    = {R. Bansal},
  title     = {Menopause and hot flashes},
  journal   = {Journal of Mid-Life Health},
  year      = {2019},
  volume    = {10},
  number    = {1},
  pages     = {6--13},
}

@misc{ScienceDaily2013,
  author    = {{ScienceDaily}},
  title     = {Estrogen may relieve post-menopausal joint pain, study suggests},
  howpublished = {\url{https://www.sciencedaily.com}},
  year      = {2013},
  month     = {March},
  note      = {Accessed: March 18, 2025}
}

@article{Gaytri2018,
  author    = {D. Gaytri},
  title     = {Menopause-related Cognitive Impairment},
  journal   = {Obstetrics \& Gynecology},
  year      = {2018},
  volume    = {312},
  number    = {6},
  pages     = {1325--1327},
}

@article{Sheng2021,
  author    = {Y. Sheng},
  title     = {Review of Menopausal Palpitations Measures},
  journal   = {Women's Midlife Health},
  year      = {2021},
  volume    = {7},
  number    = {5},
}

@article{Harlow2011,
  author    = {S. Harlow},
  title     = {Menstruation and the Menopausal Transition},
  journal   = {Obstetrics and Gynecology Clinics of North America},
  year      = {2011},
  pages     = {595--607},
}

@misc{BMS2016,
  author    = {{British Menopause Society}},
  title     = {Are Women Suffering in Silence? New Survey...},
  howpublished = {\url{https://www.thebms.org.uk}},
  year      = {2016},
  month     = {May},
  note      = {Accessed: March 18, 2025}
}

@article{Guthrie2003,
  author    = {J. R. Guthrie and L. Dennerstein and J. R. Taffe and V. Donnelly},
  title     = {Healthcare-seeking for menopausal problems},
  journal   = {Climacteric},
  year      = {2003},
  volume    = {6},
  pages     = {112--117},
}

@article{Aljumah2023,
  author    = {R. Aljumah and S. Phillips and J. C. Harper},
  title     = {An online survey of postmenopausal women to determine their attitudes and knowledge of the menopause},
  journal   = {Post Reproductive Health},
  year      = {2023},
  month     = {Jun},
  volume    = {29},
  number    = {2},
  pages     = {67--84},
  doi       = {10.1177/20533691231166543},
  pmid      = {36994487},
  pmcid     = {PMC10273865},
  note      = {Epub 2023 Mar 29}
}

@misc{MenopauseSupport2021,
  author    = {{Menopause Support}},
  title     = {Menopause Support Survey Reveals Shocking Disparity in Menopause Training in Medical Schools},
  howpublished = {\url{https://www.menopausesupport.co.uk}},
  year      = {2021},
  month     = {May},
  note      = {Accessed: March 18, 2025}
}

@misc{NHS2022,
  author       = {{NHS}},
  title        = {Menopause - Treatment},
  year         = {2022},
  month        = {May},
  url          = {https://www.nhs.uk/conditions/menopause/treatment/},
  note         = {Accessed: March 18, 2025}
}

@misc{NewsonHealth2019,
  author    = {{Newson Health}},
  title     = {Menopause Survey Results Published!},
  howpublished = {\url{https://www.newsonhealth.co.uk}},
  year      = {2019},
  month     = {March},
  note      = {Accessed: March 18, 2025}
}

@misc{NICE2019,
  author    = {{National Institute for Health and Care Excellence}},
  title     = {Menopause: Diagnosis and Management},
  howpublished = {\url{https://www.nice.org.uk}},
  year      = {2019},
  month     = {December},
  note      = {Accessed: March 18, 2025}
}

@misc{UCL2023,
  author    = {{University College London}},
  title     = {Nine in Ten Women Were Never Educated About the Menopause},
  howpublished = {\url{https://www.ucl.ac.uk/news/2023/apr/nine-ten-women-were-never-educated-about-menopause}},
  year      = {2023},
  month     = {April},
  note      = {Accessed: March 18, 2025}
}

@article{Andrews2021,
  author    = {R. Andrews and G. Hale and B. John and D. Lancastle},
  title     = {Evaluating the Effects of Symptom Monitoring on Menopausal Health Outcomes: A Systematic Review and Meta-Analysis},
  journal   = {Frontiers in Global Women's Health},
  year      = {2021},
  month     = {December},
  volume    = {2},
  pages     = {757706},
  doi       = {10.3389/fgwh.2021.757706},
  pmid      = {34927137},
  pmcid     = {PMC8678083}
}

@article{Kelly2023,
  author    = {B. G. Kelly and M. Habib},
  title     = {Missed Period? The Significance of Period-Tracking Applications in a Post-Roe America},
  journal   = {Sexual and Reproductive Health Matters},
  year      = {2023},
  month     = {December},
  volume    = {31},
  number    = {4},
  pages     = {2238940},
  doi       = {10.1080/26410397.2023.2238940},
  pmid      = {37681963},
  pmcid     = {PMC10494721}
}

@misc{Rosato2020,
  author    = {D. Rosato},
  title     = {What Your Period Tracker App Knows About You},
  howpublished = {Consumer Reports},
  year      = {2020},
  month     = {January},
  url       = {https://www.consumerreports.org/health-privacy/what-your-period-tracker-app-knows-about-you-a8701683935/},
}

@article{Gilman2021,
  author    = {M. E. Gilman},
  title     = {Periods for Profit and the Rise of Menstrual Surveillance},
  journal   = {Columbia Journal of Gender and Law},
  year      = {2021},
  volume    = {41},
  pages     = {100},
  doi       = {10.1186/s12978-022-01490-y}
}

@article{CoenSanchez2022,
  author    = {K. Coen-Sanchez and B. Ebenso and I. M. El-Mowafi and others},
  title     = {Repercussions of Overturning Roe v. Wade for Women Across Systems and Beyond Borders},
  journal   = {Reproductive Health},
  year      = {2022},
  volume    = {19},
  pages     = {184},
  doi       = {10.1186/s12978-022-01490-y}
}

@misc{OCR2022,
  author    = {Office for Civil Rights},
  title     = {Protecting the Privacy and Security of Your Health Information When Using Your Personal Cell Phone or Tablet},
  howpublished = {HHS.gov},
  year      = {2022},
  month     = {June},
  url       = {https://www.hhs.gov/hipaa/for-professionals/privacy/guidance/cell-phone-hipaa/index.html},
  note      = {Accessed: March 18, 2025}
}

@article{Eschler2019,
  author    = {Jordan Eschler and Amanda Menking and Sarah Fox and Uba Backonja},
  title     = {Defining Menstrual Literacy With the Aim of Evaluating Mobile Menstrual Tracking Applications},
  journal   = {CIN: Computers, Informatics, Nursing},
  year      = {2019},
  volume    = {37},
  number    = {12},
  pages     = {638--646},
  month     = {December},
  doi       = {10.1097/CIN.0000000000000559}
}

@misc{Chan2019,
  author    = {Chan, M.},
  title     = {EXPERIENCE DESIGN OF DIGITAL PERIOD TRACKERS},
  howpublished = {Master's thesis, University of Twente},
  year      = {2019},
  month     = {September},
  url       = {https://essay.utwente.nl/79706/1/CHAN_MA_EEMCS.pdf},
}

@article{Dawson2020,
  author    = {Dawson, R. M. and Felder, T. M. and Donevant, S. B. and McDonnell, K. K. and Card, E. B. 3rd and King, C. C. and Heiney, S. P.},
  title     = {What makes a good health 'app'? Identifying the strengths and limitations of existing mobile application evaluation tools},
  journal   = {Nursing Inquiry},
  year      = {2020},
  volume    = {27},
  number    = {2},
  pages     = {e12333},
  month     = {April},
  doi       = {10.1111/nin.12333},
  pmid      = {31854055},
  pmcid     = {PMC7181198}
}

@misc{AbilityNet2024,
  author    = {{AbilityNet}},
  title     = {European Accessibility Act (EAA)},
  howpublished = {\url{https://abilitynet.org.uk/european-accessibility-act}},
  year      = {2024},
  note      = {Accessed: March 18, 2025}
}

